<?xml version="1.0" encoding="UTF-8"?><collection xmlns="http://www.loc.gov/MARC21/slim"><record><leader>00400nam--2200145-i-4500</leader><controlfield tag="001">000043074</controlfield><controlfield tag="002">20161230</controlfield><controlfield tag="005">20161230201043</controlfield><controlfield tag="008">060222s1000------------r-----000-0-eng-d</controlfield><datafield ind1=" " ind2=" " tag="080"><subfield code="a">62-50</subfield></datafield><datafield ind1=" " ind2=" " tag="100"><subfield code="a">Strauss,Aaron</subfield></datafield><datafield ind1=" " ind2=" " tag="245"><subfield code="a">An intr.to optimal control theory</subfield></datafield><datafield ind1=" " ind2=" " tag="260"><subfield code="a">Berlin, Springer-verlag, 1968. Iv + 153 P</subfield></datafield><datafield ind1=" " ind2=" " tag="490"><subfield code="a">Lect.Notes In Operations Research And Math.Economics</subfield></datafield><datafield ind1=" " ind2=" " tag="852"><subfield code="a">28536</subfield></datafield></record></collection>